<collection xmlns="http://www.loc.gov/MARC21/slim">
<record>
  <leader>02589nam0a2200409 i 450 </leader>
  <controlfield tag="001">IT\ICCU\CNCE\047724</controlfield>
  <controlfield tag="005">20111205000000.0</controlfield>
  <datafield tag="012" ind1=" " ind2=" ">
    <subfield code="a">i-a- 7372 sale losi (3) 1565 (A)</subfield>
    <subfield code="2">fei</subfield>
  </datafield>
  <datafield tag="100" ind1=" " ind2=" ">
    <subfield code="a">19990303d1565        0itac0103    ba</subfield>
  </datafield>
  <datafield tag="101" ind1=" " ind2=" ">
    <subfield code="a">ITA</subfield>
  </datafield>
  <datafield tag="102" ind1=" " ind2=" ">
    <subfield code="a">IT</subfield>
  </datafield>
  <datafield tag="200" ind1="1" ind2=" ">
    <subfield code="a">Del secretario di m. Francesco Sansouino libri quattro. Ne quali con bell&apos;ordine s&apos;insegna altrui a scriuer lettere messiue &amp; responsiue in tutti i generi, come nella tauola contrascritta si comprende. Con gli essempi delle lettere formate et poste a lorluoghi in diuerse materie con le parti segnate. Et con uarie lettere di principi a piu persone, scritte da diuersi secretarii in piu occasioni, e in diuersi tempi</subfield>
  </datafield>
  <datafield tag="210" ind1=" " ind2=" ">
    <subfield code="a">In Venetia</subfield>
    <subfield code="c">\Francesco Sansovino!</subfield>
    <subfield code="c">appresso Francesco Rampazetto</subfield>
    <subfield code="d">1565</subfield>
    <subfield code="e">In Venetia</subfield>
    <subfield code="g">appresso Francesco Rampazetto</subfield>
    <subfield code="h">1565</subfield>
  </datafield>
  <datafield tag="215" ind1=" " ind2=" ">
    <subfield code="a">\8!, 110, \2! c.</subfield>
    <subfield code="d">8ʻ</subfield>
  </datafield>
  <datafield tag="620" ind1=" " ind2=" ">
    <subfield code="a">IT</subfield>
    <subfield code="d">Venezia</subfield>
  </datafield>
  <datafield tag="700" ind1=" " ind2="1">
    <subfield code="a">Sansovino,</subfield>
    <subfield code="b">Francesco</subfield>
    <subfield code="3">IT\ICCU\CNCA\000140</subfield>
  </datafield>
  <datafield tag="712" ind1="0" ind2="0">
    <subfield code="a">Rampazetto, Francesco</subfield>
    <subfield code="c"> &lt;1.&gt;</subfield>
    <subfield code="3">IT\ICCU\CNCT\000034</subfield>
    <subfield code="4">650</subfield>
  </datafield>
  <datafield tag="712" ind1="0" ind2="0">
    <subfield code="a">Sansovino, Francesco</subfield>
    <subfield code="3">IT\ICCU\CNCT\000529</subfield>
    <subfield code="4">650</subfield>
  </datafield>
  <datafield tag="790" ind1=" " ind2="1">
    <subfield code="a">Tatti,</subfield>
    <subfield code="b">Giovanni</subfield>
    <subfield code="3">IT\ICCU\CNCA\018531</subfield>
    <subfield code="z">Sansovino, Francesco</subfield>
  </datafield>
  <datafield tag="790" ind1=" " ind2="1">
    <subfield code="a">Guisconi,</subfield>
    <subfield code="b">Anselmo</subfield>
    <subfield code="3">IT\ICCU\CNCA\026417</subfield>
    <subfield code="z">Sansovino, Francesco</subfield>
  </datafield>
  <datafield tag="791" ind1="0" ind2="2">
    <subfield code="a">Rampazzetto Francesco</subfield>
    <subfield code="3">IT\ICCU\CNCT\005286</subfield>
    <subfield code="z">Rampazetto, Francesco &lt;1.&gt;</subfield>
  </datafield>
  <datafield tag="791" ind1="0" ind2="0">
    <subfield code="a">Rampazetus, Franciscus</subfield>
    <subfield code="3">IT\ICCU\CNCT\005287</subfield>
    <subfield code="z">Rampazetto, Francesco &lt;1.&gt;</subfield>
  </datafield>
  <datafield tag="791" ind1="0" ind2="0">
    <subfield code="a">Sansovinus, Franciscus</subfield>
    <subfield code="3">IT\ICCU\CNCT\005556</subfield>
    <subfield code="z">Sansovino, Francesco</subfield>
  </datafield>
  <datafield tag="801" ind1=" " ind2="3">
    <subfield code="a">IT</subfield>
    <subfield code="b">ICCU</subfield>
    <subfield code="c">20201115</subfield>
  </datafield>
  <datafield tag="899" ind1=" " ind2=" ">
    <subfield code="a">Biblioteca dell&apos;Istituto Campana per l&apos;istruzione permanente. Osimo</subfield>
    <subfield code="1">AN0053</subfield>
    <subfield code="2">URB IC</subfield>
  </datafield>
  <datafield tag="899" ind1=" " ind2=" ">
    <subfield code="a">Biblioteca comunale dell&apos;Archiginnasio. Bologna</subfield>
    <subfield code="z">MUTILO</subfield>
    <subfield code="1">BO0304</subfield>
    <subfield code="2">UBO GA</subfield>
  </datafield>
  <datafield tag="899" ind1=" " ind2=" ">
    <subfield code="a">Biblioteca comunale Pietro Siciliani. Galatina</subfield>
    <subfield code="1">LE0209</subfield>
    <subfield code="2">LEK SF</subfield>
  </datafield>
  <datafield tag="899" ind1=" " ind2=" ">
    <subfield code="a">Biblioteca Estense Universitaria. Modena</subfield>
    <subfield code="1">MO0089</subfield>
    <subfield code="2">MOD BE</subfield>
  </datafield>
  <datafield tag="899" ind1=" " ind2=" ">
    <subfield code="a">Biblioteca civica. Padova</subfield>
    <subfield code="1">PD0090</subfield>
    <subfield code="2">PUV 55</subfield>
  </datafield>
  <datafield tag="899" ind1=" " ind2=" ">
    <subfield code="a">Biblioteca Palatina. Parma</subfield>
    <subfield code="1">PR0072</subfield>
    <subfield code="2">PAR PA</subfield>
  </datafield>
  <datafield tag="899" ind1=" " ind2=" ">
    <subfield code="a">Biblioteca universitaria. Pavia</subfield>
    <subfield code="z">MUTILO</subfield>
    <subfield code="1">PV0291</subfield>
    <subfield code="2">MIL UP</subfield>
  </datafield>
  <datafield tag="899" ind1=" " ind2=" ">
    <subfield code="a">Biblioteca comunale degli Intronati. Siena</subfield>
    <subfield code="1">SI0046</subfield>
    <subfield code="2">RT1 QI</subfield>
  </datafield>
  <datafield tag="899" ind1=" " ind2=" ">
    <subfield code="a">Biblioteca della Fondazione Luigi Firpo. Centro di studi sul pensiero politico. Torino</subfield>
    <subfield code="1">TO0469</subfield>
    <subfield code="2">TO0 18</subfield>
  </datafield>
  <datafield tag="899" ind1=" " ind2=" ">
    <subfield code="a">British Library. London</subfield>
    <subfield code="1">UK0001</subfield>
  </datafield>
  <datafield tag="899" ind1=" " ind2=" ">
    <subfield code="a">Biblioteca dell&apos;Istituto veneto di scienze, lettere ed arti. Venezia</subfield>
    <subfield code="1">VE0237</subfield>
    <subfield code="2">VEA IV</subfield>
  </datafield>
  <datafield tag="911" ind1=" " ind2=" ">
    <subfield code="a">Sul front.</subfield>
    <subfield code="9">IT\ICCU\CNCM\000069</subfield>
  </datafield>
  <datafield tag="921" ind1=" " ind2=" ">
    <subfield code="a">IT\ICCU\CNCM\000069</subfield>
    <subfield code="b">Luna crescente con le punte in alto. In cornice figurata</subfield>
    <subfield code="e">In dies</subfield>
    <subfield code="c">V452</subfield>
    <subfield code="c">Z393</subfield>
    <subfield code="d">Dimensioni: 3,8 x 3,8</subfield>
    <subfield code="f">INDIES</subfield>
    <subfield code="f">LUNA</subfield>
    <subfield code="g">1560-1570</subfield>
  </datafield>
</record>
</collection>
